<record xmlns="http://www.loc.gov/MARC21/slim" xmlns:xsi="http://www.w3.org/2001/XMLSchema-instance" xsi:schemaLocation="http://www.loc.gov/MARC21/slim http://www.loc.gov/standards/marcxml/schema/MARC21slim.xsd">

  <leader>01931nam a2200253Ia 4500</leader>
  <datafield tag="999" ind2=" " ind1=" ">
    <subfield code="c">1942</subfield>
    <subfield code="d">1942</subfield>
  </datafield>
  <controlfield tag="008">180628b1992    cr ||||| |||| 00| | spa d</controlfield>
  <datafield tag="090" ind2=" " ind1=" ">
    <subfield code="a">06.05.02 </subfield>
    <subfield code="b">102</subfield>
  </datafield>
  <datafield ind1=" " ind2=" " tag="100">
    <subfield code="a">Trejos Montero, Eliza</subfield>
    <subfield code="9">3811</subfield>
  </datafield>
  <datafield ind1="1" tag="245" ind2="0">
    <subfield code="a">Evaluación parcial del curso LM-1030 (Inglés Intensivo I) /</subfield>
    <subfield code="c"> Eliza Trejos Montero, Marta Picado Ramírez, Mayra Hernández</subfield>
  </datafield>
  <datafield ind1=" " ind2=" " tag="260">
    <subfield code="a">San José, Costa Rica : </subfield>
    <subfield code="b">IIMEC, </subfield>
    <subfield code="c">1992</subfield>
  </datafield>
  <datafield ind1=" " tag="300" ind2=" ">
    <subfield code="a">105 páginas</subfield>
  </datafield>
  <datafield ind1=" " ind2=" " tag="500">
    <subfield code="a">Informe del Proyecto de Investigación N°724-91-257</subfield>
  </datafield>
  <datafield ind1=" " ind2=" " tag="520">
    <subfield code="a">La investigación busca, primordialmente, evaluar el curso LM-1030, analizar su eficacia y las actitudes que tienen tanto los docentes como los estudiantes hacia este. En especial, el proyecto se enfocó hacia el análisis de la comprensión de lectura en inglés. En cuanto a la actitud que muestran los docentes hacia el apoyo administrativo brindado por "Sección de inglés para otras carreras", se notaron positivos y conformes. Por su parte, los estudiantes presentan actitudes muy positivas y buen grado de motivación, lo que debe ser aprovechado por los docentes para cubrir los objetivos del curso. En el área de la comprensión de lectura, los grupos tienen una marcada heterogeneidad, y se puede decir que los estudiantes se benefician del proceso de aprendizaje, pero no se puede asegurar que se deba a la metodología empleada. Sin embargo, la investigación queda abierta a contestar el verdadero objetivo: valorar la eficacia de la estrategia metodológica empleada en el LM-1030. Descriptores: Curso LM-1030 / Actitudes de docentes y estudiantes / Efectividad del curso. </subfield>
  </datafield>
  <datafield tag="650" ind2="4" ind1="1">
    <subfield code="a">ENSEÑANZA DE IDIOMAS</subfield>
    <subfield code="9">1317</subfield>
  </datafield>
  <datafield ind1="1" tag="650" ind2="4">
    <subfield code="a">INGLÉS</subfield>
    <subfield code="9">35</subfield>
  </datafield>
  <datafield ind1="1" ind2="4" tag="650">
    <subfield code="a">LECTURA</subfield>
    <subfield code="9">365</subfield>
  </datafield>
  <datafield ind1="1" ind2="4" tag="650">
    <subfield code="a">ESTUDIANTES </subfield>
    <subfield code="9">332</subfield>
  </datafield>
  <datafield tag="650" ind2="4" ind1="1">
    <subfield code="a">DOCENTES</subfield>
    <subfield code="9">331</subfield>
  </datafield>
  <datafield ind2="4" tag="650" ind1="1">
    <subfield code="a">EVALUACIÓN </subfield>
    <subfield code="9">287</subfield>
  </datafield>
  <datafield ind1="1" ind2="4" tag="650">
    <subfield code="a">EDUCACIÓN SUPERIOR</subfield>
    <subfield code="9">8</subfield>
  </datafield>
  <datafield ind1="1" ind2=" " tag="700">
    <subfield code="a">Picado Ramírez, Marta E.</subfield>
    <subfield code="9">3135</subfield>
  </datafield>
  <datafield ind1=" " ind2=" " tag="700">
    <subfield code="a">Hernández, Mayra</subfield>
    <subfield code="9">3812</subfield>
  </datafield>
  <datafield tag="942" ind2=" " ind1=" ">
    <subfield code="2">z</subfield>
    <subfield code="c">01</subfield>
  </datafield>
</record>